[gd_scene load_steps=7 format=2]

[ext_resource path="res://DialogueTree/EmotionSelector.gd" type="Script" id=1]
[ext_resource path="res://DialogueTree/Theme.tres" type="Theme" id=2]
[ext_resource path="res://DialogueTree/Dragger.tscn" type="PackedScene" id=3]
[ext_resource path="res://DialogueTree/Input.tscn" type="PackedScene" id=4]
[ext_resource path="res://DialogueTree/Output.tscn" type="PackedScene" id=5]
[ext_resource path="res://DialogueTree/BotNode.gd" type="Script" id=6]

[node name="BotNode" type="Node2D"]
script = ExtResource( 6 )

[node name="Dragger" parent="." instance=ExtResource( 3 )]

[node name="PanelContainer" type="PanelContainer" parent="."]
anchor_right = 4.0
margin_right = 300.0
margin_bottom = 150.0
theme = ExtResource( 2 )
__meta__ = {
"_edit_use_anchors_": false
}

[node name="VBoxContainer" type="VBoxContainer" parent="PanelContainer"]
margin_left = 4.0
margin_top = 4.0
margin_right = 296.0
margin_bottom = 146.0
size_flags_horizontal = 3
size_flags_vertical = 3
__meta__ = {
"_edit_use_anchors_": false
}

[node name="Text" type="HBoxContainer" parent="PanelContainer/VBoxContainer"]
margin_right = 292.0
margin_bottom = 70.0
rect_min_size = Vector2( 0, 70 )

[node name="Label" type="Label" parent="PanelContainer/VBoxContainer/Text"]
margin_top = 28.0
margin_right = 33.0
margin_bottom = 42.0
text = " text:"

[node name="TextBox" type="TextEdit" parent="PanelContainer/VBoxContainer/Text"]
margin_left = 37.0
margin_right = 292.0
margin_bottom = 70.0
size_flags_horizontal = 3
size_flags_vertical = 3
wrap_enabled = true
__meta__ = {
"_edit_use_anchors_": false
}

[node name="Emotion" type="HBoxContainer" parent="PanelContainer/VBoxContainer"]
margin_top = 74.0
margin_right = 292.0
margin_bottom = 94.0
script = ExtResource( 1 )

[node name="Label" type="Label" parent="PanelContainer/VBoxContainer/Emotion"]
margin_top = 3.0
margin_right = 62.0
margin_bottom = 17.0
text = " emotion:"

[node name="OptionButton" type="OptionButton" parent="PanelContainer/VBoxContainer/Emotion"]
margin_left = 66.0
margin_right = 95.0
margin_bottom = 20.0

[node name="ID" type="HBoxContainer" parent="PanelContainer/VBoxContainer"]
margin_top = 98.0
margin_right = 292.0
margin_bottom = 122.0

[node name="Label" type="Label" parent="PanelContainer/VBoxContainer/ID"]
margin_top = 5.0
margin_right = 60.0
margin_bottom = 19.0
text = " id:          "

[node name="LineEdit" type="LineEdit" parent="PanelContainer/VBoxContainer/ID"]
margin_left = 64.0
margin_right = 292.0
margin_bottom = 24.0
size_flags_horizontal = 3
caret_blink = true
caret_blink_speed = 0.5

[node name="Input" parent="." instance=ExtResource( 4 )]
position = Vector2( 151.519, -4.94886 )

[node name="Outputs" type="Node2D" parent="."]

[node name="Output" parent="Outputs" instance=ExtResource( 5 )]
position = Vector2( 69.515, 155.002 )

[node name="Output2" parent="Outputs" instance=ExtResource( 5 )]
position = Vector2( 120.026, 154.441 )

[node name="Output3" parent="Outputs" instance=ExtResource( 5 )]
position = Vector2( 172.22, 154.441 )

[node name="Output4" parent="Outputs" instance=ExtResource( 5 )]
position = Vector2( 227.782, 155.002 )
