[gd_scene load_steps=19 format=2]

[ext_resource path="res://gfx/pig/pig_sleep.png" type="Texture" id=1]
[ext_resource path="res://bkg/bedroom_0.jpg" type="Texture" id=2]
[ext_resource path="res://SuperCam.tscn" type="PackedScene" id=3]
[ext_resource path="res://gfx/pig/z.png" type="Texture" id=4]
[ext_resource path="res://scrips/SleepingPig.gd" type="Script" id=5]
[ext_resource path="res://Cutscene.tscn" type="PackedScene" id=6]
[ext_resource path="res://sfx/snore.ogg" type="AudioStream" id=7]
[ext_resource path="res://Radio.gd" type="Script" id=8]
[ext_resource path="res://gfx/radio.png" type="Texture" id=9]
[ext_resource path="res://gfx/note.png" type="Texture" id=10]

[sub_resource type="RectangleShape2D" id=1]
extents = Vector2( 402.545, 229.594 )

[sub_resource type="Curve" id=2]
_data = [ Vector2( 0.904494, 1 ), 0.0, 0.0, 0, 0, Vector2( 1, 0 ), 0.0, 0.0, 0, 0 ]

[sub_resource type="CurveTexture" id=3]
curve = SubResource( 2 )

[sub_resource type="ParticlesMaterial" id=4]
emission_shape = 1
emission_sphere_radius = 93.36
flag_align_y = true
flag_disable_z = true
direction = Vector3( 0, -1, 0 )
gravity = Vector3( 0, 600, 0 )
initial_velocity = 1000.0
orbit_velocity = 0.0
orbit_velocity_random = 0.0
scale = 0.75
scale_curve = SubResource( 3 )

[sub_resource type="Curve" id=5]
_data = [ Vector2( 0, 0 ), 0.0, 0.0, 0, 0, Vector2( 0.822785, 1 ), 0.0, 0.0, 0, 0, Vector2( 1, 0 ), 0.0, 0.0, 0, 0 ]

[sub_resource type="CurveTexture" id=6]
curve = SubResource( 5 )

[sub_resource type="ParticlesMaterial" id=7]
flag_disable_z = true
direction = Vector3( 0, 1, 0 )
gravity = Vector3( 0, 0, 0 )
initial_velocity = -126.44
orbit_velocity = 0.0
orbit_velocity_random = 0.0
scale = 3.0
scale_curve = SubResource( 6 )

[sub_resource type="CircleShape2D" id=8]
radius = 100.525

[node name="Node" type="Node"]

[node name="Cutscene" parent="." instance=ExtResource( 6 )]
playing = "intro"

[node name="SuperCam" parent="." instance=ExtResource( 3 )]

[node name="Background" type="Sprite" parent="."]
position = Vector2( 968.58, 649.478 )
scale = Vector2( 1.29184, 1.29184 )
texture = ExtResource( 2 )

[node name="Radio" type="Sprite" parent="."]
position = Vector2( 380.229, 827.819 )
scale = Vector2( 0.48714, 0.48714 )
texture = ExtResource( 9 )
flip_h = true
script = ExtResource( 8 )

[node name="RadioPlayer" type="AudioStreamPlayer2D" parent="Radio"]
volume_db = 8.283

[node name="Area2D" type="Area2D" parent="Radio"]

[node name="CollisionShape2D" type="CollisionShape2D" parent="Radio/Area2D"]
visible = false
shape = SubResource( 1 )

[node name="Particles2D" type="Particles2D" parent="Radio"]
position = Vector2( 31.0715, -6.90466 )
lifetime = 4.0
process_material = SubResource( 4 )
texture = ExtResource( 10 )

[node name="SleepingPig" type="Sprite" parent="."]
position = Vector2( 1451.46, 896.306 )
texture = ExtResource( 1 )
script = ExtResource( 5 )

[node name="SnoreSound" type="AudioStreamPlayer2D" parent="SleepingPig"]
stream = ExtResource( 7 )
autoplay = true

[node name="VibrateTimer" type="Timer" parent="SleepingPig"]
wait_time = 1.558
autostart = true

[node name="FlipTimer" type="Timer" parent="SleepingPig"]
wait_time = 8.0
autostart = true

[node name="Particles2D" type="Particles2D" parent="SleepingPig"]
position = Vector2( 6.36633, -62.6472 )
amount = 2
lifetime = 2.0
process_material = SubResource( 7 )
texture = ExtResource( 4 )

[node name="Area2D" type="Area2D" parent="SleepingPig"]

[node name="CollisionShape2D" type="CollisionShape2D" parent="SleepingPig/Area2D"]
position = Vector2( 9.51367, 0.14563 )
shape = SubResource( 8 )
[connection signal="input_event" from="Radio/Area2D" to="Radio" method="_on_Area2D_input_event"]
[connection signal="mouse_entered" from="Radio/Area2D" to="Radio" method="_on_Area2D_mouse_entered"]
[connection signal="mouse_exited" from="Radio/Area2D" to="Radio" method="_on_Area2D_mouse_exited"]
[connection signal="timeout" from="SleepingPig/VibrateTimer" to="SleepingPig" method="_on_VibrateTimer_timeout"]
[connection signal="timeout" from="SleepingPig/FlipTimer" to="SleepingPig" method="_on_FlipTimer_timeout"]
[connection signal="input_event" from="SleepingPig/Area2D" to="SleepingPig" method="_on_Area2D_input_event"]
